<?xml version="1.0" encoding="UTF-8"?><collection xmlns="http://www.loc.gov/MARC21/slim"><record><leader>00508nam--2200181-i-4500</leader><controlfield tag="001">000010548</controlfield><controlfield tag="002">20161230</controlfield><controlfield tag="005">20161230201028</controlfield><controlfield tag="008">060222s1000------------r-----000-0-fre-d</controlfield><datafield ind1=" " ind2=" " tag="040"><subfield code="a">IFIN-HH</subfield></datafield><datafield ind1=" " ind2=" " tag="041"><subfield code="a">fre</subfield></datafield><datafield ind1=" " ind2=" " tag="080"><subfield code="a">015:539.196.3</subfield></datafield><datafield ind1="1" ind2=" " tag="100"><subfield code="a">Beurton, Gabriel</subfield></datafield><datafield ind1="1" ind2="0" tag="245"><subfield code="a">Etude de l'adsorption physique du krypton par marquage au krypton 85</subfield><subfield code="b">These</subfield><subfield code="c">Gabriel beurton</subfield></datafield><datafield ind1=" " ind2=" " tag="260"><subfield code="a">Lyon</subfield><subfield code="b">Universite Claude Bernard</subfield><subfield code="c">1971</subfield></datafield><datafield ind1=" " ind2=" " tag="300"><subfield code="a">94 P</subfield></datafield><datafield ind1=" " ind2=" " tag="852"><subfield code="a">38174</subfield><subfield code="c">539.19</subfield></datafield><datafield ind1=" " ind2=" " tag="CAT"><subfield code="a">Sys</subfield><subfield code="c">20120713</subfield><subfield code="h">122412</subfield></datafield></record></collection>